@book{forster,
    author =       "Otto Forster",
    title =        "Riemannsche Fl{\" a}chen",
    year =	"1977",
    publisher = "Springer-Verlag",
    address = "Berlin"
}
 
@book{algebraic,
    author    = "Allen Hatcher",
    title     = "Algebraic Toplogy",
    year      = "2002",
    publisher = "Cambridge University Press",
    address   = "Cambridge"
}
 
@misc{knuthwebsite,
    author    = "Donald Knuth",
    title     = "Knuth: Computers and Typesetting",
    url       = "http://www-cs-faculty.stanford.edu/\~{}uno/abcde.html"
}